@book{BBBB72,
author={R. E. Barlow and D. J. Bartholomew and J. M. Bremner and H. D. Brunk},
title={Statistical Inference under Order Restrictions. Theory and Application of Isotonic Regression},
series={Wiley Series in Probability and Mathematical Statistics},
publisher={John Wiley \& Sons},
address={London},
year={1972},
doi={10.1111/j.1467-9574.1973.tb00228.x},
}

@article{DP91,
author={I. C. {Demetriou} and M. J. D. {Powell}},
title={{Least squares smoothing of univariate data to achieve piecewise monotonicity.}},
journal={{IMA Journal of Numerical Analysis}},
volume={11},
number={3},
pages={411--432},
year={1991},
doi={10.1093/imanum/11.3.411},
}

@article{Dem95,
author={I. C. {Demetriou}},
title={{Discrete piecewise monotonic approximation by a strictly convex distance function.}},
journal={{Mathematics of Computation}},
volume={64},
number={209},
pages={157--180},
year={1995},
doi={10.2307/2153327},
}

@article{Dem07,
author={I. C. {Demetriou}},
title={Algorithm 863: L2WPMA, a Fortran 77 Package for Weighted Least-Squares Piecewise Monotonic Data Approximation},
journal={{ACM} Transactions on Mathematical Software},
volume={33},
number={1},
pages={6},
year={2007},
doi={10.1145/1206040.1206046},
}

@article{YW09,
author={L. {Yeganova} and W. J. {Wilbur}},
title={{Isotonic regression under Lipschitz constraint.}},
journal={{Journal of Optimization Theory and Applications}},
volume={141},
number={2},
pages={429--443},
publisher={Springer},
address={New York, NY},
year={2009},
doi={10.1007/s10957-008-9477-0},
}
